@inproceedings{PLDI08/Rondon,
 author = {Rondon, Patrick M. and Kawaguci, Ming and Jhala, Ranjit},
 title = {Liquid Types},
 booktitle = {Proceedings of the 29th ACM SIGPLAN Conference on Programming Language Design and Implementation},
 series = {PLDI '08},
 year = {2008},
 isbn = {978-1-59593-860-2},
 location = {Tucson, AZ, USA},
 pages = {159--169},
 numpages = {11},
 keywords = {dependent types, hindley-milner, predicate abstraction, type inference},
} 
